
@ARTICLE{Abramowicz:2013,
   author = {{Abramowicz}, M.~A. and {Fragile}, P.~C.},
    title = "{Foundations of Black Hole Accretion Disk Theory}",
  journal = {Living Reviews in Relativity},
archivePrefix = "arXiv",
   eprint = {1104.5499},
 primaryClass = "astro-ph.HE",
 keywords = {black hole accretion disks},
     year = 2013,
    month = dec,
   volume = 16,
      eid = {1},
    pages = {1},
      doi = {10.12942/lrr-2013-1},
   adsurl = {http://adsabs.harvard.edu/abs/2013LRR....16....1A},
  adsnote = {Provided by the SAO/NASA Astrophysics Data System}
}

@ARTICLE{Font:2002,
   author = {{Font}, J.~A. and {Daigne}, F.},
    title = "{The runaway instability of thick discs around black holes - I. The constant angular momentum case}",
  journal = {\mnras},
   eprint = {astro-ph/0203403},
 keywords = {accretion, accretion discs, black hole physics, hydrodynamics, instabilities, gamma-rays: bursts},
     year = 2002,
    month = aug,
   volume = 334,
    pages = {383-400},
      doi = {10.1046/j.1365-8711.2002.05515.x},
   adsurl = {http://adsabs.harvard.edu/abs/2002MNRAS.334..383F},
  adsnote = {Provided by the SAO/NASA Astrophysics Data System}
}

@ARTICLE{Qian:2009,
   author = {{Qian}, L. and {Abramowicz}, M.~A. and {Fragile}, P.~C. and 
	{Hor{\'a}k}, J. and {Machida}, M. and {Straub}, O.},
    title = "{The Polish doughnuts revisited. I. The angular momentum distribution and equipressure surfaces}",
  journal = {\aap},
archivePrefix = "arXiv",
   eprint = {0812.2467},
 keywords = {black holes physics, accretion, accretion disks},
     year = 2009,
    month = may,
   volume = 498,
    pages = {471-477},
      doi = {10.1051/0004-6361/200811518},
   adsurl = {http://adsabs.harvard.edu/abs/2009A%26A...498..471Q},
  adsnote = {Provided by the SAO/NASA Astrophysics Data System}
}

@ARTICLE{Komissarov:2006,
   author = {{Komissarov}, S.~S.},
    title = "{Magnetized tori around Kerr black holes: analytic solutions with a toroidal magnetic field}",
  journal = {\mnras},
   eprint = {astro-ph/0601678},
 keywords = {accretion, accretion discs: black hole physics: MHD: methods: analytical: methods: numerical, accretion discs, black hole physics, MHD, methods: analytical, methods: numerical},
     year = 2006,
    month = may,
   volume = 368,
    pages = {993-1000},
      doi = {10.1111/j.1365-2966.2006.10183.x},
   adsurl = {http://adsabs.harvard.edu/abs/2006MNRAS.368..993K},
  adsnote = {Provided by the SAO/NASA Astrophysics Data System}
}

@ARTICLE{Kozlowski:1978,
   author = {{Kozlowski}, M. and {Jaroszynski}, M. and {Abramowicz}, M.~A.
	},
    title = "{The analytic theory of fluid disks orbiting the Kerr black hole}",
  journal = {\aap},
 keywords = {Angular Momentum, Black Holes (Astronomy), Flow Theory, Relativity, Rotating Disks, Astronomical Models, Circular Orbits, Cusps, Gravitational Effects, Rotating Fluids, Stellar Mass Accretion},
     year = 1978,
    month = feb,
   volume = 63,
    pages = {209-220},
   adsurl = {http://adsabs.harvard.edu/abs/1978A%26A....63..209K},
  adsnote = {Provided by the SAO/NASA Astrophysics Data System}
}

@ARTICLE{Zanotti:2015,
   author = {{Zanotti}, O. and {Pugliese}, D.},
    title = "{Von Zeipel's theorem for a magnetized circular flow around a compact object}",
  journal = {General Relativity and Gravitation},
archivePrefix = "arXiv",
   eprint = {1412.6447},
 primaryClass = "gr-qc",
 keywords = {General relativity, Magnetohydrodynamics, Black holes, Von Zeipel theorem},
     year = 2015,
    month = apr,
   volume = 47,
      eid = {44},
    pages = {44},
      doi = {10.1007/s10714-015-1886-4},
   adsurl = {http://adsabs.harvard.edu/abs/2015GReGr..47...44Z},
  adsnote = {Provided by the SAO/NASA Astrophysics Data System}
}

@ARTICLE{Jaroszynski:1980,
   author = {{Jaroszynski}, M. and {Abramowicz}, M.~A. and {Paczynski}, B.
  },
    title = "{Supercritical accretion disks around black holes}",
  journal = {\actaa},
 keywords = {Astrophysics, Black Holes (Astronomy), Stellar Mass Accretion, Active Galactic Nuclei, Angular Momentum, Astronomical Models, Conservation Laws},
     year = 1980,
   volume = 30,
    pages = {1-34},
   adsurl = {http://adsabs.harvard.edu/abs/1980AcA....30....1J},
  adsnote = {Provided by the SAO/NASA Astrophysics Data System}
}

@ARTICLE{Abramowicz:1978,
   author = {{Abramowicz}, M. and {Jaroszynski}, M. and {Sikora}, M.},
    title = "{Relativistic, accreting disks}",
  journal = {\aap},
 keywords = {Black Holes (Astronomy), Relativity, Rotating Disks, Stellar Mass Accretion, Angular Momentum, Astronomical Models, Binary Stars, Cusps, Gravitational Effects, Pressure Gradients},
     year = 1978,
    month = feb,
   volume = 63,
    pages = {221-224},
   adsurl = {http://adsabs.harvard.edu/abs/1978A%26A....63..221A},
  adsnote = {Provided by the SAO/NASA Astrophysics Data System}
}

@ARTICLE{vonZeipel:1924,
   author = {{von Zeipel}, H.},
    title = "{The radiative equilibrium of a rotating system of gaseous masses}",
  journal = {\mnras},
     year = 1924,
    month = jun,
   volume = 84,
    pages = {665-683},
      doi = {10.1093/mnras/84.9.665},
   adsurl = {http://adsabs.harvard.edu/abs/1924MNRAS..84..665V},
  adsnote = {Provided by the SAO/NASA Astrophysics Data System}
}

@ARTICLE{Okada:1989,
   author = {{Okada}, R. and {Fukue}, J. and {Matsumoto}, R.},
    title = "{A model of astrophysical tori with magnetic fields}",
  journal = {\pasj},
 keywords = {Accretion Disks, Active Galaxies, Magnetic Fields, Magnetohydrodynamics, Toroids, Equations Of Motion, Roots Of Equations, Schwarzschild Metric},
     year = 1989,
   volume = 41,
    pages = {133-140},
   adsurl = {http://adsabs.harvard.edu/abs/1989PASJ...41..133O},
  adsnote = {Provided by the SAO/NASA Astrophysics Data System}
}

@INPROCEEDINGS{Stergioulas:2011,
   author = {{Stergioulas}, N.},
    title = "{Black hole spacetimes with self-gravitating, massive accretion tori}",
booktitle = {Journal of Physics Conference Series},
     year = 2011,
   series = {},
   volume = 283,
    month = feb,
      eid = {012036},
    pages = {012036},
      doi = {10.1088/1742-6596/283/1/012036},
   adsurl = {http://adsabs.harvard.edu/abs/2011JPhCS.283a2036S},
  adsnote = {Provided by the SAO/NASA Astrophysics Data System}
}

@ARTICLE{Herdeiro:2014,
   author = {{Herdeiro}, C.~A.~R. and {Radu}, E.},
    title = "{Kerr Black Holes with Scalar Hair}",
  journal = {Physical Review Letters},
archivePrefix = "arXiv",
   eprint = {1403.2757},
 primaryClass = "gr-qc",
 keywords = {Classical black holes, Classical field theories},
     year = 2014,
    month = jun,
   volume = 112,
   number = 22,
      eid = {221101},
    pages = {221101},
      doi = {10.1103/PhysRevLett.112.221101},
   adsurl = {http://adsabs.harvard.edu/abs/2014PhRvL.112v1101H},
  adsnote = {Provided by the SAO/NASA Astrophysics Data System}
}

@ARTICLE{Herdeiro:2016,
   author = {{Herdeiro}, C. and {Radu}, E. and {R{\'u}narsson}, H.},
    title = "{Kerr black holes with Proca hair}",
  journal = {Classical and Quantum Gravity},
archivePrefix = "arXiv",
   eprint = {1603.02687},
 primaryClass = "gr-qc",
     year = 2016,
    month = aug,
   volume = 33,
   number = 15,
      eid = {154001},
    pages = {154001},
      doi = {10.1088/0264-9381/33/15/154001},
   adsurl = {http://adsabs.harvard.edu/abs/2016CQGra..33o4001H},
  adsnote = {Provided by the SAO/NASA Astrophysics Data System}
}

@ARTICLE{Sekiguchi:2011,
   author = {{Sekiguchi}, Y. and {Shibata}, M.},
    title = "{Formation of Black Hole and Accretion Disk in a Massive High-entropy Stellar Core Collapse}",
  journal = {\apj},
archivePrefix = "arXiv",
   eprint = {1009.5303},
 primaryClass = "astro-ph.HE",
 keywords = {accretion, accretion disks, black hole physics, gamma-ray burst: general, stars: rotation},
     year = 2011,
    month = aug,
   volume = 737,
      eid = {6},
    pages = {6},
      doi = {10.1088/0004-637X/737/1/6},
   adsurl = {http://adsabs.harvard.edu/abs/2011ApJ...737....6S},
  adsnote = {Provided by the SAO/NASA Astrophysics Data System}
}

@ARTICLE{Shibata:2011,
   author = {{Shibata}, M. and {Taniguchi}, K.},
    title = "{Coalescence of Black Hole-Neutron Star Binaries}",
  journal = {Living Reviews in Relativity},
 keywords = {neutron star, gravitational waves, black hole, numerical relativity},
     year = 2011,
    month = dec,
   volume = 14,
      eid = {6},
    pages = {6},
      doi = {10.12942/lrr-2011-6},
   adsurl = {http://adsabs.harvard.edu/abs/2011LRR....14....6S},
  adsnote = {Provided by the SAO/NASA Astrophysics Data System}
}

@ARTICLE{Faber:2012,
   author = {{Faber}, J.~A. and {Rasio}, F.~A.},
    title = "{Binary Neutron Star Mergers}",
  journal = {Living Reviews in Relativity},
archivePrefix = "arXiv",
   eprint = {1204.3858},
 primaryClass = "gr-qc",
 keywords = {Neutron stars, Numerical relativity, Coalescing binaries, Binary neutron stars, General relativity},
     year = 2012,
    month = dec,
   volume = 15,
      eid = {8},
    pages = {8},
      doi = {10.12942/lrr-2012-8},
   adsurl = {http://adsabs.harvard.edu/abs/2012LRR....15....8F},
  adsnote = {Provided by the SAO/NASA Astrophysics Data System}
}

@ARTICLE{Rezzolla:2010,
   author = {{Rezzolla}, L. and {Baiotti}, L. and {Giacomazzo}, B. and {Link}, D. and 
	{Font}, J.~A.},
    title = "{Accurate evolutions of unequal-mass neutron-star binaries: properties of the torus and short GRB engines}",
  journal = {Classical and Quantum Gravity},
archivePrefix = "arXiv",
   eprint = {1001.3074},
 primaryClass = "gr-qc",
     year = 2010,
    month = jun,
   volume = 27,
   number = 11,
      eid = {114105},
    pages = {114105},
      doi = {10.1088/0264-9381/27/11/114105},
   adsurl = {http://adsabs.harvard.edu/abs/2010CQGra..27k4105R},
  adsnote = {Provided by the SAO/NASA Astrophysics Data System}
}

@ARTICLE{Wielgus:2015,
   author = {{Wielgus}, M. and {Fragile}, P.~C. and {Wang}, Z. and {Wilson}, J.
	},
    title = "{Local stability of strongly magnetized black hole tori}",
  journal = {\mnras},
archivePrefix = "arXiv",
   eprint = {1412.4561},
 primaryClass = "astro-ph.HE",
 keywords = {accretion, accretion discs, black hole physics, instabilities, magnetic fields, MHD},
     year = 2015,
    month = mar,
   volume = 447,
    pages = {3593-3601},
      doi = {10.1093/mnras/stu2676},
   adsurl = {http://adsabs.harvard.edu/abs/2015MNRAS.447.3593W},
  adsnote = {Provided by the SAO/NASA Astrophysics Data System}
}

@ARTICLE{Fragile:2017,
   author = {{Fragile}, P.~C. and {S{\c a}dowski}, A.},
    title = "{On the decay of strong magnetization in global disc simulations with toroidal fields}",
  journal = {\mnras},
archivePrefix = "arXiv",
   eprint = {1701.01159},
 primaryClass = "astro-ph.HE",
     year = 2017,
    month = may,
   volume = 467,
    pages = {1838-1843},
      doi = {10.1093/mnras/stx274},
   adsurl = {http://adsabs.harvard.edu/abs/2017MNRAS.467.1838F},
  adsnote = {Provided by the SAO/NASA Astrophysics Data System}
}





